<record><leader>00000cas a22000007a 4500</leader><controlfield tag="001">21887878</controlfield><controlfield tag="008">900620d19311959nyuwr ne      0    0eng d</controlfield><datafield ind1=" " ind2=" " tag="010"><subfield code="a">sn 90066099 </subfield></datafield><datafield ind1=" " ind2=" " tag="040"><subfield code="a">NYS</subfield><subfield code="b">eng</subfield><subfield code="c">NYS</subfield><subfield code="d">OCLCQ</subfield></datafield><datafield ind1=" " ind2=" " tag="042"><subfield code="a">msc</subfield></datafield><datafield ind1="0" ind2="0" tag="245"><subfield code="a">Southern Cayuga tribune and the Genoa tribune.</subfield></datafield><datafield ind1=" " ind2=" " tag="260"><subfield code="a">King Ferry, N.Y. :</subfield><subfield code="b">Charles H. Long</subfield></datafield><datafield ind1=" " ind2=" " tag="300"><subfield code="a">v.</subfield></datafield><datafield ind1=" " ind2=" " tag="310"><subfield code="a">Weekly</subfield></datafield><datafield ind1="0" ind2=" " tag="362"><subfield code="a">Vol. 41, no. 40 (Apr. 10, 1931)-v. 71, no. 48 (Aug. 27, 1959).</subfield></datafield><datafield ind1=" " ind2=" " tag="500"><subfield code="a">Publishers: Charles H. Long, 1931- ; Eva L. Winne, &lt;1938-1941&gt;; Alfred L. Field, &lt;1943-1947&gt;; Cameron C. Peterman, &lt;1954&gt;.</subfield></datafield><datafield ind1=" " ind2="4" tag="651"><subfield code="a">King Ferry (N.Y.)</subfield><subfield code="v">Newspapers.</subfield></datafield><datafield ind1=" " ind2="4" tag="651"><subfield code="a">Genoa (N.Y.)</subfield><subfield code="v">Newspapers.</subfield></datafield><datafield ind1=" " ind2="4" tag="651"><subfield code="a">Cayuga County (N.Y.)</subfield><subfield code="v">Newspapers.</subfield></datafield><datafield ind1=" " ind2=" " tag="752"><subfield code="a">United States</subfield><subfield code="b">New York</subfield><subfield code="c">Cayuga</subfield><subfield code="d">King Ferry.</subfield></datafield><datafield ind1="0" ind2="0" tag="780"><subfield code="t">Genoa tribune</subfield><subfield code="w">(DLC)sn 90066499</subfield><subfield code="w">(OCoLC)22289053</subfield></datafield><datafield ind1="0" ind2="7" tag="785"><subfield code="t">Union Springs news</subfield><subfield code="w">(DLC)sn 90066528</subfield><subfield code="w">(OCoLC)22407025</subfield></datafield><datafield ind1="0" ind2="7" tag="785"><subfield code="t">Southern Cayuga tribune and the Union Springs news</subfield><subfield code="w">(DLC)sn 90066500</subfield><subfield code="w">(OCoLC)22289182</subfield></datafield><datafield ind1="1" ind2=" " tag="029"><subfield code="a">AU@</subfield><subfield code="b">000025863456</subfield></datafield></record>